<?xml version="1.0" encoding="UTF-8"?><collection xmlns="http://www.loc.gov/MARC21/slim"><record><leader>00457nam--2200145-i-4500</leader><controlfield tag="001">000009239</controlfield><controlfield tag="002">20161230</controlfield><controlfield tag="005">20170304210003</controlfield><controlfield tag="008">060222s1000------------r-----000-0-eng-d</controlfield><datafield ind1=" " ind2=" " tag="100"><subfield code="a">Bulumac, P</subfield></datafield><datafield ind1=" " ind2=" " tag="245"><subfield code="a">Some physico - chemical characteristics of Black Sea bottom rock - Rumanian coast. II: Spectrographic analysis</subfield></datafield><datafield ind1=" " ind2=" " tag="260"><subfield code="a">Bucuresti</subfield><subfield code="b">Universitatea Din Bucuresti</subfield><subfield code="c">1970</subfield></datafield><datafield ind1=" " ind2=" " tag="300"><subfield code="a">11 p</subfield></datafield><datafield ind1=" " ind2=" " tag="700"><subfield code="a">Voljin, Valentina</subfield></datafield><datafield ind1=" " ind2=" " tag="CAT"><subfield code="a">SYS</subfield><subfield code="c">20170304</subfield><subfield code="h">210003</subfield></datafield></record></collection>